<record><leader>00000cas a2200000 i 4500</leader><controlfield tag="001">960463993</controlfield><controlfield tag="006">m     o  d        </controlfield><controlfield tag="007">cr |||||||||||</controlfield><controlfield tag="008">161012d19071930nvudn neo     0   a0eng  </controlfield><datafield ind1=" " ind2=" " tag="010"><subfield code="a">  2016271196</subfield></datafield><datafield ind1=" " ind2=" " tag="040"><subfield code="a">DLC</subfield><subfield code="b">eng</subfield><subfield code="e">rda</subfield><subfield code="c">DLC</subfield><subfield code="d">OCLCF</subfield></datafield><datafield ind1="0" ind2=" " tag="022"><subfield code="a">2474-6312</subfield><subfield code="2">1</subfield></datafield><datafield ind1=" " ind2=" " tag="042"><subfield code="a">pcc</subfield><subfield code="a">nsdp</subfield></datafield><datafield ind1=" " ind2=" " tag="043"><subfield code="a">n-us-nv</subfield></datafield><datafield ind1="1" ind2="0" tag="050"><subfield code="a">ISSN RECORD</subfield></datafield><datafield ind1="1" ind2="0" tag="082"><subfield code="a">071</subfield><subfield code="2">23</subfield></datafield><datafield ind1="0" ind2=" " tag="130"><subfield code="a">Carson City daily appeal (Carson City, Nev. : 1907)</subfield></datafield><datafield ind1=" " ind2="0" tag="222"><subfield code="a">Carson City daily appeal</subfield><subfield code="b">(Carson City, Nev. 1907. Online)</subfield></datafield><datafield ind1="1" ind2="0" tag="245"><subfield code="a">Carson City daily appeal.</subfield></datafield><datafield ind1=" " ind2="1" tag="264"><subfield code="a">Carson City, Nevada :</subfield><subfield code="b">Appeal Publishing Company,</subfield><subfield code="c">1907-</subfield></datafield><datafield ind1=" " ind2=" " tag="300"><subfield code="a">1 online resource</subfield></datafield><datafield ind1=" " ind2=" " tag="310"><subfield code="a">Daily (except Sun.)</subfield></datafield><datafield ind1=" " ind2=" " tag="336"><subfield code="a">text</subfield><subfield code="b">txt</subfield><subfield code="2">rdacontent</subfield></datafield><datafield ind1=" " ind2=" " tag="337"><subfield code="a">computer</subfield><subfield code="b">c</subfield><subfield code="2">rdamedia</subfield></datafield><datafield ind1=" " ind2=" " tag="338"><subfield code="a">online resource</subfield><subfield code="b">cr</subfield><subfield code="2">rdacarrier</subfield></datafield><datafield ind1="1" ind2=" " tag="362"><subfield code="a">Began with vol. XLIII, no. 213 (July 10, 1907); ceased April 30, 1930).</subfield></datafield><datafield ind1=" " ind2=" " tag="580"><subfield code="a">Merged with: Carson City news: to form: Carson City daily appeal and Carson City news.</subfield></datafield><datafield ind1=" " ind2=" " tag="588"><subfield code="a">Desccription based on: Vol. XLIII, no. 213 (July 10, 1907); title from masthead (Chroniclingamerica.loc.gov, viewed October 12, 2016).</subfield></datafield><datafield ind1=" " ind2=" " tag="588"><subfield code="a">Latest issue consulted: Vol. XLV, no. 153 (June 30, 1908) (Chroniclingamerica.loc.gov, viewed October 12, 2016).</subfield></datafield><datafield ind1=" " ind2="0" tag="651"><subfield code="a">Carson City (Nev.)</subfield><subfield code="v">Newspapers.</subfield></datafield><datafield ind1=" " ind2="7" tag="655"><subfield code="a">Newspapers.</subfield><subfield code="2">fast</subfield><subfield code="0">(OCoLC)fst01423814</subfield></datafield><datafield ind1=" " ind2="7" tag="651"><subfield code="a">Nevada</subfield><subfield code="z">Carson City.</subfield><subfield code="2">fast</subfield><subfield code="0">(OCoLC)fst01204369</subfield></datafield><datafield ind1=" " ind2=" " tag="752"><subfield code="a">United States</subfield><subfield code="b">Nevada</subfield><subfield code="c">Ormsby</subfield><subfield code="d">Carson City.</subfield></datafield><datafield ind1=" " ind2=" " tag="752"><subfield code="a">United States</subfield><subfield code="b">Nevada</subfield><subfield code="c">Carson City</subfield><subfield code="d">Carson City.</subfield></datafield><datafield ind1="0" ind2="8" tag="776"><subfield code="i">Originally issued in print:</subfield><subfield code="t">Carson City daily appeal (Carson City, Nev. : 1907)</subfield><subfield code="x">2474-6304</subfield><subfield code="w">(DLC)sn 86076241</subfield><subfield code="w">(OCoLC)13758922</subfield></datafield><datafield ind1="0" ind2="0" tag="780"><subfield code="t">Daily appeal</subfield></datafield><datafield ind1="1" ind2="7" tag="785"><subfield code="t">Carson City news</subfield></datafield><datafield ind1="1" ind2="7" tag="785"><subfield code="t">Carson City daily appeal and Carson City news</subfield></datafield><datafield ind1="4" ind2="0" tag="856"><subfield code="u">http://chroniclingamerica.loc.gov/lccn/sn86076241/issues/</subfield></datafield></record>